<?xml version="1.0" encoding="UTF-8"?><collection xmlns="http://www.loc.gov/MARC21/slim"><record><leader>00586nam--2200193-u-4500</leader><controlfield tag="001">000053068</controlfield><controlfield tag="002">20161230</controlfield><controlfield tag="005">20161230201050</controlfield><controlfield tag="008">110104s1000------------r-----000-0-eng-d</controlfield><datafield ind1=" " ind2=" " tag="020"><subfield code="a">3540404430</subfield></datafield><datafield ind1=" " ind2=" " tag="040"><subfield code="a">IFIN-HH</subfield></datafield><datafield ind1=" " ind2=" " tag="080"><subfield code="a">577.52:538.9:621.3049.77:004.94</subfield></datafield><datafield ind1="1" ind2=" " tag="100"><subfield code="a">Goser, Karl</subfield></datafield><datafield ind1="1" ind2="0" tag="245"><subfield code="a">Nanoelectronics and nanosystems</subfield><subfield code="b">From transistors to molecular and quantum devices</subfield><subfield code="c">Karl goser; peter glosekotter; jan dienstuhl</subfield></datafield><datafield ind1=" " ind2=" " tag="260"><subfield code="a">Berlin</subfield><subfield code="b">Springer Verlag</subfield><subfield code="c">2004</subfield></datafield><datafield ind1=" " ind2=" " tag="300"><subfield code="a">281P</subfield></datafield><datafield ind1="1" ind2=" " tag="700"><subfield code="a">Dienstuhl, Jan</subfield></datafield><datafield ind1=" " ind2=" " tag="852"><subfield code="a">81643</subfield><subfield code="c">001.2</subfield></datafield><datafield ind1=" " ind2=" " tag="CAT"><subfield code="a">Sys</subfield><subfield code="c">20110104</subfield><subfield code="h">151033</subfield></datafield></record></collection>